<?xml version="1.0" encoding="UTF-8"?><collection xmlns="http://www.loc.gov/MARC21/slim"><record><leader>00640nam--2200181-i-4500</leader><controlfield tag="001">000032868</controlfield><controlfield tag="002">20161230</controlfield><controlfield tag="005">20161230201039</controlfield><controlfield tag="008">060222s1000------------r-----000-0-eng-d</controlfield><datafield ind1=" " ind2=" " tag="040"><subfield code="a">IFIN-HH</subfield></datafield><datafield ind1=" " ind2=" " tag="080"><subfield code="a">550.34:518:681.3.06</subfield></datafield><datafield ind1="1" ind2=" " tag="100"><subfield code="a">Alder, Berni</subfield></datafield><datafield ind1="1" ind2="0" tag="245"><subfield code="a">Methods in computational physics. advances in research and applications. volume 11. seismology: surface waves and earth oscillations</subfield><subfield code="c">Berni alder, sidney fernbach, manuel rotenberg (eds.) bruce a. bolt (volume ed.)</subfield></datafield><datafield ind1=" " ind2=" " tag="260"><subfield code="a">New York</subfield><subfield code="b">Academic Press</subfield><subfield code="c">1972</subfield></datafield><datafield ind1=" " ind2=" " tag="300"><subfield code="a">X+309P</subfield></datafield><datafield ind1="1" ind2=" " tag="700"><subfield code="a">Bolt, Bruce A</subfield><subfield code="e">Ed</subfield></datafield><datafield ind1=" " ind2=" " tag="852"><subfield code="a">19032</subfield><subfield code="c">53.02</subfield></datafield><datafield ind1=" " ind2=" " tag="CAT"><subfield code="a">Sys</subfield><subfield code="c">20151019</subfield><subfield code="h">143241</subfield></datafield></record></collection>